@Misc{wiki:gameTree,
  author =	 {Wikipedia},
  title =	 {{Game Tree Article}},
  howpublished = {Accessed on 24th November},
  year =	 2005,
  note =	 {\\\url{http://en.wikipedia.org/wiki/Game_tree}},
  language =	 {english}
}
@Misc{wiki:expectMinimax,
  author =	 {Wikipedia},
  title =	 {{Expect-Minimax Article}},
  howpublished = {Accessed on 24th November},
  year =	 2005,
  note =	 {\\\url{http://en.wikipedia.org/wiki/Expectiminimax_tree}},
  language =	 {english}
}
@Misc{wiki:minimax,
  author =	 {Wikipedia},
  title =	 {{Minimax Article}},
  howpublished = {Accessed on 24th November},
  year =	 2005,
  note =	 {\\\url{http://en.wikipedia.org/wiki/Minimax}},
  language =	 {english}
}
@Misc{wiki:deepBlue,
  author =	 {Wikipedia},
  title =	 {{Deep Blue Article}},
  howpublished = {Accessed on 24th November},
  year =	 2005,
  note =	 {\\\url{http://en.wikipedia.org/wiki/Deep_Blue}},
  language =	 {english}
}
@Misc{qt,
  author =	 {Trolltech},
  title =	 {{Qt}},
  howpublished = {Accessed on 28th November},
  year =	 2005,
  note =	 {\\\url{http://www.trolltech.com/products/qt/index.html}},
  language =	 {english}
}
@Misc{cxxtest,
  author =	 {Erez Volk},
  title =	 {{CxxTest Framework}},
  howpublished = {Accessed on 29th November},
  year =	 2005,
  note =	 {\\\url{http://cxxtest.sourceforge.net}},
  language =	 {english}
}
@Misc{unitTests,
  author =	 {Noel Llopis},
  title =	 {{Exploring the C++ Unit Testing Framework Jungle}},
  howpublished = {Accessed on 29th November},
  year =	 2005,
  note =	 {\\\url{http://www.gamesfromwithin.com/articles/0412/000061.html}},
  language =	 {english}
}
@Misc{tetex,
  author =	 {Thomas Esser},
  title =	 {{TeTex Distribution}},
  howpublished = {Accessed on 29th November},
  year =	 2005,
  note =	 {\\\url{http://tug.org/teTeX}},
  language =	 {english}
}
@Misc{ruby,
  author =	 {Yukihiro Matsumoto},
  title =	 {{The Object-Oriented Scripting Language Ruby}},
  howpublished = {Accessed on 29th November},
  year =	 2005,
  note =	 {\\\url{http://www.ruby-lang.org/en}},
  language =	 {english}
}
@Misc{rake,
  author =	 {Jim Weirich},
  title =	 {{Rake -- Ruby Make}},
  howpublished = {Accessed on 29th November},
  year =	 2005,
  note =	 {\\\url{http://rake.rubyforge.org}},
  language =	 {english}
}
@Misc{gnuplot,
  author =	 {Thomas Williams, Colin Kelley},
  title =	 {{Gnuplot}},
  howpublished = {Accessed on 29th November},
  year =	 2005,
  note =	 {\\\url{http://www.gnuplot.info}},
  language =	 {english}
}
@Misc{subversion,
  author =	 {Jim Blandy},
  title =	 {{Subversion Version Control}},
  howpublished = {Accessed on 29th November},
  year =	 2005,
  note =	 {\\\url{http://subversion.tigris.org}},
  language =	 {english}
}
@Misc{jeti,
  author =	 {Christian Kauhaus},
  title =	 {{Jenaer Cluster Technische Informatik}},
  howpublished = {Accessed on 29th November},
  year =	 2005,
  note =	 {\\\url{http://www2.informatik.uni-jena.de/cmc/racluster}},
  language =	 {english}
}
@Book{designPatterns,
  author =	 {Erich Gamma, Richard Helm, Ralph Johnson and John Vlissides},
  title =	 {{Design Patterns: Elements of Reusable Object-Oriented Software}},
  publisher = 	 {Addison-Wesley},
  year =	 1995,
  isbn =         {0201633612},
  language =	 {english}
}
